@article{ResNet,
	author    = {Kaiming He and
	Xiangyu Zhang and
	Shaoqing Ren and
	Jian Sun},
	title     = {Deep Residual Learning for Image Recognition},
	journal   = {CoRR},
	volume    = {abs/1512.03385},
	year      = {2015},
	url       = {http://arxiv.org/abs/1512.03385},
	archivePrefix = {arXiv},
	eprint    = {1512.03385},
	timestamp = {Wed, 17 Apr 2019 17:23:45 +0200},
	biburl    = {https://dblp.org/rec/bib/journals/corr/HeZRS15},
	bibsource = {dblp computer science bibliography, https://dblp.org}
}
@article{Dropout,
	author  = {Nitish Srivastava and Geoffrey Hinton and Alex Krizhevsky and Ilya Sutskever and Ruslan Salakhutdinov},
	title   = {Dropout: A Simple Way to Prevent Neural Networks from Overfitting},
	journal = {Journal of Machine Learning Research},
	year    = {2014},
	volume  = {15},
	pages   = {1929-1958},
	url     = {http://jmlr.org/papers/v15/srivastava14a.html}
}
@article{BatchNorm,
	author    = {Sergey Ioffe and
	Christian Szegedy},
	title     = {Batch Normalization: Accelerating Deep Network Training by Reducing
	Internal Covariate Shift},
	journal   = {CoRR},
	volume    = {abs/1502.03167},
	year      = {2015},
	url       = {http://arxiv.org/abs/1502.03167},
	archivePrefix = {arXiv},
	eprint    = {1502.03167},
	timestamp = {Mon, 13 Aug 2018 16:47:06 +0200},
	biburl    = {https://dblp.org/rec/bib/journals/corr/IoffeS15},
	bibsource = {dblp computer science bibliography, https://dblp.org}
}


@online{Kaggle,
  title = {cil-cosmology-2019},
  year = 2019,
  url = {https://inclass.kaggle.com/c/cil-cosmology-2019/overview},
  urldate = {2019-06-30}
}


@incollection{NIPS2014_5423,
title = {Generative Adversarial Nets},
author = {Goodfellow, Ian and Pouget-Abadie, Jean and Mirza, Mehdi and Xu, Bing and Warde-Farley, David and Ozair, Sherjil and Courville, Aaron and Bengio, Yoshua},
booktitle = {Advances in Neural Information Processing Systems 27},
pages = {2672--2680},
year = {2014},
url = {http://papers.nips.cc/paper/5423-generative-adversarial-nets.pdf}
}



@inproceedings{DBLP:journals/corr/KingmaW13,
  author    = {Diederik P. Kingma and
               Max Welling},
  title     = {Auto-Encoding Variational Bayes},
  booktitle = {2nd International Conference on Learning Representations},
  year      = {2014},
  url       = {http://arxiv.org/abs/1312.6114},
}


@article{doersch2016tutorial,
  title = {Tutorial on Variational Autoencoders},
  author = {Doersch, Carl},
  journal = {arXiv preprint arXiv:1606.05908},
  year = {2016},
  url = {https://arxiv.org/abs/1606.05908},
}


@MISC{cvaetf,
    Author =        {TensorFlow},
    Title =         {{Convolutional Variational Autoencoder}},
    Howpublished =  {},
    Month =         {},
    Year =          {},
    url =           {https://www.tensorflow.org/beta/tutorials/generative/cvae},
}
